<record><leader>00000cas a22000007a 4500</leader><controlfield tag="001">18818780</controlfield><controlfield tag="008">881130d189u1910pauwr ne      0    0eng d</controlfield><datafield ind1=" " ind2=" " tag="010"><subfield code="a">sn 89077653 </subfield></datafield><datafield ind1=" " ind2=" " tag="040"><subfield code="a">NPH</subfield><subfield code="b">eng</subfield><subfield code="c">NPH</subfield><subfield code="d">OCLCQ</subfield></datafield><datafield ind1=" " ind2=" " tag="042"><subfield code="a">msc</subfield></datafield><datafield ind1="0" ind2=" " tag="130"><subfield code="a">Echo (Tower City, Pa.)</subfield></datafield><datafield ind1="1" ind2="4" tag="245"><subfield code="a">The Echo.</subfield></datafield><datafield ind1=" " ind2=" " tag="260"><subfield code="a">Tower City, Pa. :</subfield><subfield code="b">R.B. Wilson</subfield></datafield><datafield ind1=" " ind2=" " tag="300"><subfield code="a">v. :</subfield><subfield code="b">ill. (chiefly advertisements)</subfield></datafield><datafield ind1=" " ind2=" " tag="310"><subfield code="a">Weekly</subfield></datafield><datafield ind1="1" ind2=" " tag="362"><subfield code="a">Ceased in 1910?</subfield></datafield><datafield ind1=" " ind2=" " tag="588"><subfield code="a">Description based on: Vol. 15, no. 25 (May 22, 1897).</subfield></datafield><datafield ind1=" " ind2=" " tag="752"><subfield code="a">United States</subfield><subfield code="b">Pennsylvania</subfield><subfield code="c">Schuylkill</subfield><subfield code="d">Tower City.</subfield></datafield><datafield ind1="0" ind2="0" tag="780"><subfield code="t">Valley echo</subfield><subfield code="w">(DLC)sn 87078435</subfield></datafield><datafield ind1="0" ind2="4" tag="785"><subfield code="t">West Schuylkill herald</subfield><subfield code="w">(DLC)sn 89077652</subfield></datafield></record>